@manual{pheatmap,
  title        = {pheatmap: Pretty Heatmaps},
  author       = {Raivo Kolde},
  year         = {2019},
  note         = {R package version 1.0.12},
  url          = {https://CRAN.R-project.org/package=pheatmap},
  doi          = {10.32614/CRAN.package.pheatmap},
  publisher    = {Comprehensive R Archive Network (CRAN)},
}

@Manual{ggplot2_2024,
  title        = {ggplot2: Create Elegant Data Visualisations Using the Grammar of Graphics},
  author       = {Hadley Wickham and Winston Chang and Lionel Henry and Thomas Lin Pedersen and Kohske Takahashi and Claus Wilke and Kara Woo and Hiroaki Yutani and Dewey Dunnington and Teun van den Brand},
  year         = {2024},
  note         = {R package version 3.5.1},
  url          = {https://ggplot2.tidyverse.org},
  doi          = {10.32614/CRAN.package.ggplot2},
  publisher    = {Comprehensive R Archive Network (CRAN)},
}

@Manual{tidyverse_2023,
  title        = {tidyverse: Easily Install and Load the 'Tidyverse'},
  author       = {Hadley Wickham and RStudio},
  year         = {2023},
  note         = {R package version 2.0.0},
  url          = {https://tidyverse.tidyverse.org},
  doi          = {10.32614/CRAN.package.tidyverse},
  publisher    = {Comprehensive R Archive Network (CRAN)},
}

@article{Overmyer2021,
   abstract = {Leukocyte mRNA expression and plasma protein, metabolite, and lipid levels were measured in 102 COVID-19 and 26 non-COVID-19 patient samples. 219 diverse biomolecules were strongly associated with COVID-19 status and severity and pointed to dysregulation of processes related to lipid transport, blood coagulation, acute phase response, endotheliopathy, and neutrophil degranulation in this disease.},
   author = {Katherine A. Overmyer and Evgenia Shishkova and Ian J. Miller and Joseph Balnis and Matthew N. Bernstein and Trenton M. Peters-Clarke and Jesse G. Meyer and Qiuwen Quan and Laura K. Muehlbauer and Edna A. Trujillo and Yuchen He and Amit Chopra and Hau C. Chieng and Anupama Tiwari and Marc A. Judson and Brett Paulson and Dain R. Brademan and Yunyun Zhu and Lia R. Serrano and Vanessa Linke and Lisa A. Drake and Alejandro P. Adam and Bradford S. Schwartz and Harold A. Singer and Scott Swanson and Deane F. Mosher and Ron Stewart and Joshua J. Coon and Ariel Jaitovich},
   doi = {10.1016/j.cels.2020.10.003},
   issn = {24054720},
   issue = {1},
   journal = {Cell Systems},
   title = {Large-Scale Multi-omic Analysis of COVID-19 Severity},
   volume = {12},
   year = {2021},
}

